<record><leader>00000cas a2200000 a 4500</leader><controlfield tag="001">8786354</controlfield><controlfield tag="008">820918d18311843dcudn ne      0    0eng  </controlfield><datafield ind1=" " ind2=" " tag="010"><subfield code="a">sn 82014043 </subfield></datafield><datafield ind1=" " ind2=" " tag="040"><subfield code="a">DLC</subfield><subfield code="b">eng</subfield><subfield code="c">DLC</subfield><subfield code="d">NPW</subfield><subfield code="d">NPU</subfield><subfield code="d">NPV</subfield><subfield code="d">NPY</subfield><subfield code="d">NPX</subfield><subfield code="d">YOX</subfield><subfield code="d">PPM</subfield><subfield code="d">NJW</subfield><subfield code="d">MFN</subfield><subfield code="d">KNP</subfield><subfield code="d">OCL</subfield><subfield code="d">MGN</subfield><subfield code="d">YOX</subfield><subfield code="d">CNK</subfield><subfield code="d">NVK</subfield><subfield code="d">FUG</subfield><subfield code="d">NVF</subfield><subfield code="d">DCN</subfield><subfield code="d">OCL</subfield><subfield code="d">CVF</subfield><subfield code="d">NYS</subfield><subfield code="d">DLC</subfield><subfield code="d">KRTAS</subfield><subfield code="d">DLC</subfield><subfield code="d">CUI</subfield><subfield code="d">OCLCQ</subfield><subfield code="d">OCLCF</subfield><subfield code="d">CUS</subfield></datafield><datafield ind1=" " ind2=" " tag="042"><subfield code="a">pcc</subfield></datafield><datafield ind1=" " ind2=" " tag="043"><subfield code="a">n-us-dc</subfield></datafield><datafield ind1="0" ind2="0" tag="050"><subfield code="a">Newspaper 7342</subfield></datafield><datafield ind1=" " ind2="4" tag="050"><subfield code="a">AN</subfield></datafield><datafield ind1="0" ind2=" " tag="130"><subfield code="a">Globe (Washington, D.C. : Daily)</subfield></datafield><datafield ind1="1" ind2="4" tag="245"><subfield code="a">The globe.</subfield></datafield><datafield ind1=" " ind2=" " tag="250"><subfield code="a">Daily [ed.].</subfield></datafield><datafield ind1=" " ind2=" " tag="260"><subfield code="a">City of Washington [D.C.] :</subfield><subfield code="b">F.P. Blair,</subfield><subfield code="c">1831-1843.</subfield></datafield><datafield ind1=" " ind2=" " tag="300"><subfield code="a">v. ;</subfield><subfield code="c">56-60 cm.</subfield></datafield><datafield ind1=" " ind2=" " tag="310"><subfield code="a">Daily (except Sunday)</subfield></datafield><datafield ind1="0" ind2=" " tag="362"><subfield code="a">Vol. 1, no. 1 (June 13, 1831)-v. 13, no. 170 (Dec. 30, 1843).</subfield></datafield><datafield ind1=" " ind2=" " tag="500"><subfield code="a">Publisher: Blair &amp; Rives, &lt;oct. 10, 1835&gt;-</subfield></datafield><datafield ind1=" " ind2=" " tag="500"><subfield code="a">"The world is governed too much."</subfield></datafield><datafield ind1=" " ind2=" " tag="530"><subfield code="a">Available on microfilm from the Library of Congress, Photoduplication Service.</subfield></datafield><datafield ind1=" " ind2=" " tag="580"><subfield code="a">Campaign eds.: Extra globe (Washington, D.C. : 1832), 1832-&lt;1833&gt;, and: Extra globe (Washington, D.C. : 1834), 1834-1841, and: Weekly globe (Washington, D.C. : 1841), 1841-1843.</subfield></datafield><datafield ind1=" " ind2="0" tag="651"><subfield code="a">Washington (D.C.)</subfield><subfield code="v">Newspapers.</subfield></datafield><datafield ind1=" " ind2="7" tag="651"><subfield code="a">Washington (D.C.)</subfield><subfield code="2">fast</subfield><subfield code="0">(OCoLC)fst01204505</subfield></datafield><datafield ind1=" " ind2="7" tag="655"><subfield code="a">Newspapers.</subfield><subfield code="2">fast</subfield><subfield code="0">(OCoLC)fst01423814</subfield></datafield><datafield ind1=" " ind2=" " tag="752"><subfield code="a">United States</subfield><subfield code="b">District of Columbia</subfield><subfield code="d">Washington.</subfield></datafield><datafield ind1="0" ind2=" " tag="775"><subfield code="t">Globe (Washington, D.C. : Semiweekly)</subfield><subfield code="w">(DLC)sn 82014042</subfield><subfield code="w">(OCoLC)8786335</subfield></datafield><datafield ind1="0" ind2=" " tag="775"><subfield code="t">Globe (Washington, D.C. : Weekly)</subfield><subfield code="w">(DLC)sn 82014041</subfield><subfield code="w">(OCoLC)8772978</subfield></datafield><datafield ind1="1" ind2=" " tag="775"><subfield code="t">Extra globe (Washington, D.C. : 1832)</subfield><subfield code="w">(DLC)sn 84026756</subfield><subfield code="w">(OCoLC)10658113</subfield></datafield><datafield ind1="1" ind2=" " tag="775"><subfield code="t">Extra globe (Washington, D.C. : 1834)</subfield><subfield code="w">(DLC)sn 86053760</subfield><subfield code="w">(OCoLC)8995329</subfield></datafield><datafield ind1="1" ind2=" " tag="775"><subfield code="t">Weekly globe (Washington, D.C. : 1841)</subfield><subfield code="w">(DLC)sn 82006532</subfield><subfield code="w">(OCoLC)8776973</subfield></datafield><datafield ind1="0" ind2="8" tag="776"><subfield code="i">Online version:</subfield><subfield code="t">Globe (Washington, D.C. : Daily : Online)</subfield><subfield code="w">(OCoLC)192107562</subfield></datafield><datafield ind1="0" ind2="0" tag="785"><subfield code="t">Daily globe (Washington, D.C. : 1844)</subfield><subfield code="w">(DLC)sn 82014410</subfield><subfield code="w">(OCoLC)8807577</subfield></datafield><datafield ind1="4" ind2="1" tag="856"><subfield code="3">12/17/1831 to 03/04/1841</subfield><subfield code="u">http://infoweb.newsbank.com/?db=EANX&amp;s_browseRef=decades/11C089C35231D4A3/all.xml</subfield></datafield><datafield ind1=" " ind2=" " tag="938"><subfield code="a">Kirtas Technologies, Inc.</subfield><subfield code="b">KRTS</subfield><subfield code="n">735974</subfield></datafield><datafield ind1="1" ind2=" " tag="029"><subfield code="a">AU@</subfield><subfield code="b">000002899504</subfield></datafield></record>